<record><leader>00000cas a22000007a 4500</leader><controlfield tag="001">20568630</controlfield><controlfield tag="008">891030d18891928nyudn ne      0    0eng d</controlfield><datafield ind1=" " ind2=" " tag="010"><subfield code="a">sn 90066115 </subfield></datafield><datafield ind1=" " ind2=" " tag="040"><subfield code="a">NYG</subfield><subfield code="b">eng</subfield><subfield code="c">NYG</subfield><subfield code="d">NYS</subfield><subfield code="d">OCLCQ</subfield></datafield><datafield ind1=" " ind2=" " tag="042"><subfield code="a">msc</subfield></datafield><datafield ind1="0" ind2="0" tag="245"><subfield code="a">Nyack evening journal.</subfield></datafield><datafield ind1=" " ind2=" " tag="260"><subfield code="a">Nyack, N.Y. :</subfield><subfield code="b">Adam C. Haeselbarth,</subfield><subfield code="c">1889-1928.</subfield></datafield><datafield ind1=" " ind2=" " tag="300"><subfield code="a">41 v. :</subfield><subfield code="b">ill. ;</subfield><subfield code="c">56 cm.</subfield></datafield><datafield ind1=" " ind2=" " tag="310"><subfield code="a">Daily (except Sunday)</subfield></datafield><datafield ind1="0" ind2=" " tag="362"><subfield code="a">Vol. 1, no. 1 (May 6, 1889)-v. 41, no. 186 (Aug. 30, 1928).</subfield></datafield><datafield ind1=" " ind2=" " tag="500"><subfield code="a">Publisher: Helme Bros., &lt;1894&gt;.</subfield></datafield><datafield ind1=" " ind2=" " tag="580"><subfield code="a">Weekly ed.: Rockland County journal.</subfield></datafield><datafield ind1=" " ind2="4" tag="651"><subfield code="a">Nyack (N.Y.)</subfield><subfield code="v">Newspapers.</subfield></datafield><datafield ind1=" " ind2=" " tag="752"><subfield code="a">United States</subfield><subfield code="b">New York</subfield><subfield code="c">Rockland</subfield><subfield code="d">Nyack.</subfield></datafield><datafield ind1="1" ind2=" " tag="775"><subfield code="t">Rockland County journal</subfield><subfield code="w">(DLC)sn 85025685</subfield><subfield code="w">(OCoLC)11855046</subfield></datafield><datafield ind1="0" ind2="0" tag="785"><subfield code="t">Rockland County evening journal</subfield><subfield code="w">(DLC)sn 91067015</subfield><subfield code="w">(OCoLC)24705189</subfield></datafield><datafield ind1="1" ind2=" " tag="029"><subfield code="a">AU@</subfield><subfield code="b">000020583592</subfield></datafield></record>